@article{marrero2019,
  author = {Marrero, Jos{\' e} and Garc{\' i}a, Alicia and Berrocoso, Manuel and Llinares, {\' A}ngeles and Rodr{\' i}guez-Losada, Antonio and Ortiz, R.},
  journal = {Journal of Applied Volcanology},
  year = {2019},
  month = {7},
  pages = {},
  title = {Strategies for the development of volcanic hazard maps in monogenetic volcanic fields: the example of {La} {Palma} ({Canary} {Islands})},
  volume = {8},
  doi = {10.1186/s13617-019-0085-5},
}

@misc{appleton2020Brief,
	title = {A Brief History & Ethos of the Digital Garden: A newly revived philosophy for publishing personal knowledge on the web},
	author = {Appleton, Maggie},
	year = {2020},
	date = {2020},
	url = {https://maggieappleton.com/garden-history},
	note = {Citation Key: appleton2020Brief}
}

@misc{rodenbroker2023How,
	title = {How I built myself a Digital Garden},
	author = {{Rodenbr√∂ker}, Tim},
	year = {2023},
	month = {10},
	date = {2023-10-08},
	url = {https://downgrade.timrodenbroeker.de/posts/digital-garden/},
	note = {Citation Key: rodenbroker2023How}
}
